<?xml version="1.0" encoding="UTF-8"?><collection xmlns="http://www.loc.gov/MARC21/slim"><record><leader>00307nam--2200121-i-4500</leader><controlfield tag="001">000003546</controlfield><controlfield tag="002">20161230</controlfield><controlfield tag="005">20161230201025</controlfield><controlfield tag="008">060222s1000------------r-----000-0-eng-d</controlfield><datafield ind1=" " ind2=" " tag="100"><subfield code="a">Billiter,Jean</subfield></datafield><datafield ind1=" " ind2=" " tag="245"><subfield code="a">Technische elektrochemie.bd.i</subfield></datafield><datafield ind1=" " ind2=" " tag="260"><subfield code="a">Halle(Saale),Wilhelm Knapp,1952. Viii + 308p</subfield></datafield><datafield ind1=" " ind2=" " tag="852"><subfield code="a">3679</subfield></datafield></record></collection>